
@misc{EUFEdital,
    Address = {São Paulo},
    Organization = {Instituto de Física - USP, Instituto de Física de São Carlos -
    USP, Instituto de Física "Gleb Wataghin" - UNICAMP, Instituto de Física
    Teórica - UNESP, UFABC, UFSCar, UFRGS, UFMG, UFPE, UFRN},
    Title = {Edital},
    Subtitle = {Exame Unificado de Pós-Graduações em Física - EUF 2018-2},
    Url = {http://143.54.179.227/Eventos/Temp/edital_euf_2018-25058724.pdf},
    Urlaccessdate = {2018-04-02},
    Year = {2018}
}
